@misc{ wiki:TeamRacing,
   author = "Wikipedia",
   title = "Team racing --- Wikipedia{,} The Free Encyclopedia",
   year = "2014",
   url = "http://en.wikipedia.org/w/index.php?title=Team_racing&oldid=610751006",
   note = "[Online; accessed 16-July-2014]"
 }

// JAVA EE

@book{mueller2010javaserver,
  title={JavaServer Faces 2.0: ein Arbeitsbuch f{\"u}r die Praxis},
  author={M{\"u}ller, B.},
  isbn={9783446419926},
  url={http://books.google.de/books?id=jFzoPwAACAAJ},
  year={2010},
  publisher={Hanser}
}
@book{eberling2007enterprise,
  title={Enterprise JavaBeans 3: Das EJB3-Praxisbuch f{\"u}r Ein- und Umsteiger},
  author={Eberling, W. and Le{\ss}ner, J.},
  isbn={9783446410855},
  url={http://books.google.de/books?id=PHPbIco0ltsC},
  year={2007},
  publisher={Hanser}
}
@misc{JavaEE,
   author = "Oracle",
   title = "Java Platform Enterprise Edition",
   year = "2014",
   url = "http://www.oracle.com/technetwork/java/javaee/index.html",
   note = "[Online; accessed 16-July-2014]"
}
@misc{JavaCommunityProcess,
   author = "Oracle",
   title = "Java Community Process",
   year = "2014",
   url = "https://www.jcp.org/en/home/index",
   note = "[Online; accessed 16-July-2014]"
}


// PHP

@misc{PHPManual,
   author = "PHP",
   title = "PHP Manual",
   year = "2014",
   url = "http://php.net/manual/en/",
   note = "[Online; accessed 16-July-2014]"
}
@misc{ebooks:PHP,
           title = {PHP 5 in practice},
          author = {Elliott White and Jonathan D. Eisenhamer},
       publisher = {Sams},
            year = {2007},
             url = {http://ebooks.ub.uni-muenchen.de/8781/}
}
@misc{ebooks:PHP2,
           title = {Professional PHP5},
          author = {Ed Lecky-Thompson},
       publisher = {Wiley Publishing},
            year = {2005},
             url = {http://ebooks.ub.uni-muenchen.de/8735/}
}
 
// RUBY

@misc{Ruby,
   author = "Ruby Community",
   title = "Ruby Documentation",
   year = "2014",
   url = "https://www.ruby-lang.org/en/documentation/",
   note = "[Online; accessed 16-July-2014]"
}
 
@misc{RubyOnRails,
   author = "Ruby on Rails Community",
   title = "Ruby on Rails Introduction",
   year = "2014",
   url = "http://rubyonrails.org/screencasts/",
   note = "[Online; accessed 16-July-2014]"
}
@misc{ wiki:Ruby,
   author = "Wikipedia",
   title = "Ruby (programming language) --- Wikipedia{,} The Free Encyclopedia",
   year = "2014",
   url = "http://en.wikipedia.org/w/index.php?title=Ruby_(programming_language)&oldid=615544789",
   note = "[Online; accessed 16-July-2014]"
}
 
// FRAMEWORKS

@misc{ wiki:FrameworksComparision,
   author = "Wikipedia",
   title = "Comparison of web application frameworks --- Wikipedia{,} The Free Encyclopedia",
   year = "2014",
   url = "http://en.wikipedia.org/w/index.php?title=Comparison_of_web_application_frameworks&oldid=617166812",
   note = "[Online; accessed 17-July-2014]"
 }
@misc{ PHPFrameworksComparision,
   author = "Mashable",
   title = "13 PHP Frameworks to Help Build Agile Applications",
   year = "2014",
   url = "http://mashable.com/2014/04/04/php-frameworks-build-applications/",
   note = "[Online; accessed 17-July-2014]"
}

// MVC

@misc{MVC,
           title = {Patterns kompakt},
          author = {Karl Eilebrecht and Gernot Starke},
       publisher = {Spektrum Akademischer Verlag},
            year = {2010},
             url = {http://ebooks.ub.uni-muenchen.de/23734/},
        abstract = {Patterns kompakt fasst die wichtigsten Entwurfsmuster zusammen, die Sie
f{\"u}r Software-Entwicklung ben{\"o}tigen. Software-Entwickler, -Architekten und
-Designer finden darin effektiv anwendbare L{\"o}sungen f{\"u}r t{\"a}gliche
Entwurfsprobleme. Die dritte Auflage haben wir f{\"u}r Sie um aktuelle
Patterns erweitert und komplett {\"u}berarbeitet.}
}

// FRONT CONTROLLER

@misc{ FrontController,
   author = "Martin Fowler",
   title = "Patterns of Enterprise Application Architecture - Front Controller",
   year = "2002",
   url = "\url{http://martinfowler.com/eaaCatalog/frontController.html}",
   note = "[Online; accessed 17-July-2014]"
}
@misc{ sf2:FrontController,
   author = "Symfony Community",
   title = "Understanding how the Front Controller, Kernel and Environments work together",
   year = "2014",
   url = "\url{http://symfony.com/doc/current/cookbook/configuration/front_controllers_and_kernel.html}",
   note = "[Online; accessed 17-July-2014]"
}
@misc{ sf2:HTTPFundamentals,
   author = "Symfony Community",
   title = "Symfony2 and HTTP Fundamentals",
   year = "2014",
   url = "\url{http://symfony.com/doc/current/book/http_fundamentals.html}",
   note = "[Online; accessed 17-July-2014]"
}

// Routing

@misc{ sf2:RoutingComponent,
   author = "Symfony Community",
   title = "The Routing Component",
   year = "2014",
   url = "\url{http://symfony.com/doc/current/components/routing/introduction.html}",
   note = "[Online; accessed 01-July-2014]"
}
@misc{ sf2:Routing,
   author = "Symfony Community",
   title = "Routing (The Symfony Book)",
   year = "2014",
   url = "\url{symfony.com/doc/current/book/routing.html}",
   note = "[Online; accessed 02-July-2014]"
}

@misc{SWArchitektur,
           title = {Software-Architektur kompakt},
          author = {Gernot Starke and Peter Hruschka},
       publisher = {Spektrum Akademischer Verlag},
            year = {2009},
             url = {http://ebooks.ub.uni-muenchen.de/18576/},
        abstract = {Software Architektur kompakt gibt Ihnen alles, was Sie zu einem
reibungslosen und schnellen Start in das Thema ben{\"o}tigen. Lernen Sie
Systeme zukunftssicher, flexibel und transparent zu konstruieren. Sie
finden hier sofort einsetzbare und erprobte Muster und Vorlagen zur
Erstellung praxistauglicher IT-Architekturen.

Das Buch liefert allen relevanten Projektbeteiligten ma{\ss}geschneiderte
Antworten zu Entwurfsentscheidungen, Systemstruktur und Implementierung.

Der Ansatz von Software-Architektur kompakt hilft Ihnen, das Berufsbild
und die Verantwortung von Software-Architekten besser zu verstehen und in
Ihren Projekten zu etablieren. Sie finden auch passende Antworten auf
verbreitete Einw{\"a}nde wie "zu viel Aufwand", "keine Zeit" oder "zu teuer".}
}

@misc{ wiki:HTTP,
   author = "Wikipedia",
   title = "Hypertext Transfer Protocol --- Wikipedia{,} The Free Encyclopedia",
   year = "2014",
   url = "http://en.wikipedia.org/w/index.php?title=Hypertext_Transfer_Protocol&oldid=616958995",
   note = "[Online; accessed 16-July-2014]"
 }
 
 
 @misc{ sf2:HTTPFoundation,
   author = "Fabien Potencier et al.",
   title = "The HttpFoundation Component",
   year = "2014",
   url = "http://symfony.com/doc/current/components/http_foundation/introduction.html",
   note = "[Online; accessed 16-July-2014]"
}


@misc{ebooks:Architekturen,
           title = {Architekturen f{\"u}r Web-Anwendungen},
          author = {G{\"u}nther Bauer},
       publisher = {Vieweg+Teubner Verlag / GWV Fachverlage GmbH, Wiesbaden},
            year = {2009},
             url = {http://ebooks.ub.uni-muenchen.de/16967/}
}
@misc{BSI,
           title = {Sicherheit von Webanwendungen},
          author = {Bundesamt für Sicherheit in der Informationstechnik},
          publisher = {Bundesamt für Sicherheit in der Informationstechnik},
            year = {2006}
}
